

@online{74HC595,
    author = "Luis del Valle Hernández",
    title = "74HC595 registro de desplazamiento con Arduino",
    url  = "https://programarfacil.com/blog/74hc595-registro-de-desplazamiento-arduino/",

}

@online{Datashet,
    author = "Texas Instruments",
    title = "SNx4HC595 8-Bit Shift Registers With 3-State Output Registers",
    url  = "https://www.ti.com/lit/ds/symlink/sn74hc595.pdf",
    addendum = "(accessed: 10.2021)",
}

@online{Compuertas_logicas,
    author = "Juan Manuel Jimenez",
    title = "Compuertas Lógicas",
    url  = "https://ditlag.wordpress.com/2018/01/04/compuertas-logicas/",
    addendum = "(accessed: 04.01.2018)",
}

@online{Func_integrado,
    author = "Dan",
    title = "How to use a 74hc595 shift register",
    url  = "https://www.marginallyclever.com/2017/02/use-74hc595-shift-register/",
    addendum = "(accessed: 14.02.2017)",
}